%! Author = yanni
%! Date = 18.10.2021

